<record><leader>00000cas a22000007a 4500</leader><controlfield tag="001">13041651</controlfield><controlfield tag="008">860121d19571972wvudr ne      0    0eng d</controlfield><datafield ind1=" " ind2=" " tag="010"><subfield code="a">sn 86092069 </subfield></datafield><datafield ind1=" " ind2=" " tag="040"><subfield code="a">WVC</subfield><subfield code="b">eng</subfield><subfield code="c">WVC</subfield><subfield code="d">OCL</subfield><subfield code="d">OCLCQ</subfield></datafield><datafield ind1=" " ind2=" " tag="042"><subfield code="a">msc</subfield></datafield><datafield ind1="0" ind2=" " tag="130"><subfield code="a">Sunset news-observer (Bluefield, W. Va.)</subfield></datafield><datafield ind1="1" ind2="0" tag="245"><subfield code="a">Sunset news-observer.</subfield></datafield><datafield ind1=" " ind2=" " tag="260"><subfield code="a">Bluefield, W. Va. :</subfield><subfield code="b">Daily Telegraph Print. Co.,</subfield><subfield code="c">1957-1972.</subfield></datafield><datafield ind1=" " ind2=" " tag="300"><subfield code="a">v.</subfield></datafield><datafield ind1=" " ind2=" " tag="310"><subfield code="a">Daily</subfield></datafield><datafield ind1="0" ind2=" " tag="362"><subfield code="a">Vol. 32, no. 63 (Mar. 14, 1957)-v. 46, no. 77 (Mar. 31, 1972).</subfield></datafield><datafield ind1=" " ind2=" " tag="515"><subfield code="a">Continued numbering of: Bluefield sunset news the times-leader.</subfield></datafield><datafield ind1=" " ind2=" " tag="752"><subfield code="a">United States</subfield><subfield code="b">West Virginia</subfield><subfield code="c">Mercer</subfield><subfield code="d">Bluefield.</subfield></datafield><datafield ind1="0" ind2="4" tag="780"><subfield code="t">Princeton observer</subfield><subfield code="w">(DLC)sn 86092058</subfield></datafield><datafield ind1="0" ind2="4" tag="780"><subfield code="t">Bluefield sunset news the times leader</subfield><subfield code="w">(DLC)sn 86092068</subfield></datafield></record>